<?xml version="1.0" encoding="UTF-8"?><collection xmlns="http://www.loc.gov/MARC21/slim"><record><leader>00420nam--2200133-i-4500</leader><controlfield tag="001">000040799</controlfield><controlfield tag="002">20161230</controlfield><controlfield tag="005">20161230201042</controlfield><controlfield tag="008">060222s1000------------r-----000-0-eng-d</controlfield><datafield ind1=" " ind2=" " tag="080"><subfield code="a">543.51(043)</subfield></datafield><datafield ind1=" " ind2=" " tag="100"><subfield code="a">Schwab,Claude</subfield></datafield><datafield ind1=" " ind2=" " tag="245"><subfield code="a">Etude de l`influence de certains defauts physico-chimiques sur les spectres d`absorbtion de cristaux de cu2o et de cucl. these</subfield></datafield><datafield ind1=" " ind2=" " tag="260"><subfield code="a">Strasbourg, L`Univ.,1970. 176 P</subfield></datafield><datafield ind1=" " ind2=" " tag="852"><subfield code="a">76973</subfield></datafield></record></collection>